@article{wikiSwift,
author = {Swift Programming Language},
note={\url{http://en.wikipedia.org/wiki/Swift_(programming_language)}}
}

@article{coreData,
author = {Core Data iOS},
note={\url{http://en.wikipedia.org/wiki/Core_Data}}
}

@article{anova,
author = {ANOVA - ANalysis Of VAriance},
note={\url{http://en.wikipedia.org/wiki/Analysis_of_variance}}
}

@article{touchID, 
author = {Apple Touch ID},
note={\url{https://www.apple.com/iphone-6/touch-id/}}
}

@article{www, 
author = {World Wide Web},
note={\url{http://en.wikipedia.org/wiki/World_Wide_Web}}
}

@article{multiTouch, 
author = {Multi-Touch},
note={\url{http://en.wikipedia.org/wiki/Multi-touch}}
}

@article{qwerty, 
author = {QWERTY},
note={\url{http://en.wikipedia.org/wiki/QWERTY}}
}

@article{iphone, 
author = {Apple iPhone - 1st generation},
note={\url{http://en.wikipedia.org/wiki/IPhone_(1st_generation)}}
}







@article{Herot:1978:OTI:965139.807392,
 author = {Herot, Christopher F. and Weinzapfel, Guy},
 title = {One-point Touch Input of Vector Information for Computer Displays},
 journal = {SIGGRAPH Comput. Graph.},
 issue_date = {August 1978},
 volume = {12},
 number = {3},
 month = aug,
 year = {1978},
 issn = {0097-8930},
 pages = {210--216},
 numpages = {7},
 url = {http://doi.acm.org/10.1145/965139.807392},
 doi = {10.1145/965139.807392},
 acmid = {807392},
 publisher = {ACM},
 address = {New York, NY, USA},
 keywords = {Force input, Kinesthetic input, Pressure sensing, Pressure sensitive digitizer, Tactile input, Touch input, Touch sensitive digitizer},
} 

@article{Buxton:1985:ITT:325165.325239,
 author = {Buxton, William and Hill, Ralph and Rowley, Peter},
 title = {Issues and Techniques in Touch-sensitive Tablet Input},
 journal = {SIGGRAPH Comput. Graph.},
 issue_date = {Jul. 1985},
 volume = {19},
 number = {3},
 month = jul,
 year = {1985},
 issn = {0097-8930},
 pages = {215--224},
 numpages = {10},
 url = {http://doi.acm.org/10.1145/325165.325239},
 doi = {10.1145/325165.325239},
 acmid = {325239},
 publisher = {ACM},
 address = {New York, NY, USA},
 keywords = {touch sensitive input devices},
} 

@inproceedings{Ramos:2003:FIT:964696.964708,
 author = {Ramos, Gonzalo and Balakrishnan, Ravin},
 title = {Fluid Interaction Techniques for the Control and Annotation of Digital Video},
 booktitle = {Proceedings of the 16th Annual ACM Symposium on User Interface Software and Technology},
 series = {UIST '03},
 year = {2003},
 isbn = {1-58113-636-6},
 location = {Vancouver, Canada},
 pages = {105--114},
 numpages = {10},
 url = {http://doi.acm.org/10.1145/964696.964708},
 doi = {10.1145/964696.964708},
 acmid = {964708},
 publisher = {ACM},
 address = {New York, NY, USA},
 keywords = {annotations, fluid interaction techniques, pen-based interfaces, video},
}

@inproceedings{Son:2013:FMM:2508468.2514733,
 author = {Son, Jeongmin and Lee, Geehyuk},
 title = {FingerSkate: Making Multi-touch Operations Less Constrained and More Continuous},
 booktitle = {Proceedings of the Adjunct Publication of the 26th Annual ACM Symposium on User Interface Software and Technology},
 series = {UIST '13 Adjunct},
 year = {2013},
 isbn = {978-1-4503-2406-9},
 location = {St. Andrews, Scotland, United Kingdom},
 pages = {107--108},
 numpages = {2},
 url = {http://doi.acm.org/10.1145/2508468.2514733},
 doi = {10.1145/2508468.2514733},
 acmid = {2514733},
 publisher = {ACM},
 address = {New York, NY, USA},
 keywords = {fingerskate, multi-touch operations, musculoskeletal constraints, touchscreen interface},
} 

@inproceedings{Boring:2012:FTU:2371574.2371582,
 author = {Boring, Sebastian and Ledo, David and Chen, Xiang 'Anthony' and Marquardt, Nicolai and Tang, Anthony and Greenberg, Saul},
 title = {The Fat Thumb: Using the Thumb's Contact Size for Single-handed Mobile Interaction},
 booktitle = {Proceedings of the 14th International Conference on Human-computer Interaction with Mobile Devices and Services},
 series = {MobileHCI '12},
 year = {2012},
 isbn = {978-1-4503-1105-2},
 location = {San Francisco, California, USA},
 pages = {39--48},
 numpages = {10},
 url = {http://doi.acm.org/10.1145/2371574.2371582},
 doi = {10.1145/2371574.2371582},
 acmid = {2371582},
 publisher = {ACM},
 address = {New York, NY, USA},
 keywords = {mobile device, single-handed interaction, touch-screen},
} 


@inproceedings{Kratz:2013:PFP:2512349.2512824,
 author = {Kratz, Sven and Chiu, Patrick and Back, Maribeth},
 title = {PointPose: Finger Pose Estimation for Touch Input on Mobile Devices Using a Depth Sensor},
 booktitle = {Proceedings of the 2013 ACM International Conference on Interactive Tabletops and Surfaces},
 series = {ITS '13},
 year = {2013},
 isbn = {978-1-4503-2271-3},
 location = {St. Andrews, Scotland, United Kingdom},
 pages = {223--230},
 numpages = {8},
 url = {http://doi.acm.org/10.1145/2512349.2512824},
 doi = {10.1145/2512349.2512824},
 acmid = {2512824},
 publisher = {ACM},
 address = {New York, NY, USA},
 keywords = {depth sensor, finger pose, mobile device, mobile interaction, point cloud, touch input},
} 

@inproceedings{Arif:2013:PDU:2541016.2541024,
 author = {Arif, Ahmed Sabbir and Stuerzlinger, Wolfgang},
 title = {Pseudo-pressure Detection and Its Use in Predictive Text Entry on Touchscreens},
 booktitle = {Proceedings of the 25th Australian Computer-Human Interaction Conference: Augmentation, Application, Innovation, Collaboration},
 series = {OzCHI '13},
 year = {2013},
 isbn = {978-1-4503-2525-7},
 location = {Adelaide, Australia},
 pages = {383--392},
 numpages = {10},
 url = {http://doi.acm.org/10.1145/2541016.2541024},
 doi = {10.1145/2541016.2541024},
 acmid = {2541024},
 publisher = {ACM},
 address = {New York, NY, USA},
 keywords = {mobile phone, mobile text entry, predictive text, pressure, touchscreen, virtual or soft keyboard},
} 

@inproceedings{Spindler:2014:PVS:2556288.2557028,
 author = {Spindler, Martin and Schuessler, Martin and Martsch, Marcel and Dachselt, Raimund},
 title = {Pinch-drag-flick vs. Spatial Input: Rethinking Zoom \&\#38; Pan on Mobile Displays},
 booktitle = {Proceedings of the SIGCHI Conference on Human Factors in Computing Systems},
 series = {CHI '14},
 year = {2014},
 isbn = {978-1-4503-2473-1},
 location = {Toronto, Ontario, Canada},
 pages = {1113--1122},
 numpages = {10},
 url = {http://doi.acm.org/10.1145/2556288.2557028},
 doi = {10.1145/2556288.2557028},
 acmid = {2557028},
 publisher = {ACM},
 address = {New York, NY, USA},
 keywords = {mobile displays, multi-touch input, spatial input, spatially aware displays, user study},
} 

@inproceedings{Hwang:2013:VEP:2493190.2493193,
 author = {Hwang, Sungjae and Bianchi, Andrea and Wohn, Kwang-yun},
 title = {VibPress: Estimating Pressure Input Using Vibration Absorption on Mobile Devices},
 booktitle = {Proceedings of the 15th International Conference on Human-computer Interaction with Mobile Devices and Services},
 series = {MobileHCI '13},
 year = {2013},
 isbn = {978-1-4503-2273-7},
 location = {Munich, Germany},
 pages = {31--34},
 numpages = {4},
 url = {http://doi.acm.org/10.1145/2493190.2493193},
 doi = {10.1145/2493190.2493193},
 acmid = {2493193},
 publisher = {ACM},
 address = {New York, NY, USA},
 keywords = {accelerometer, haptics, mobile, pressure input},
} 

@inproceedings{Lochtefeld:2013:EHF:2541831.2541865,
 author = {L\"{o}chtefeld, Markus and Hirtz, Christoph and Gehring, Sven},
 title = {Evaluation of Hybrid Front- and Back-of-device Interaction on Mobile Devices},
 booktitle = {Proceedings of the 12th International Conference on Mobile and Ubiquitous Multimedia},
 series = {MUM '13},
 year = {2013},
 isbn = {978-1-4503-2648-3},
 location = {Lule\Ã¥, Sweden},
 pages = {17:1--17:4},
 articleno = {17},
 numpages = {4},
 url = {http://doi.acm.org/10.1145/2541831.2541865},
 doi = {10.1145/2541831.2541865},
 acmid = {2541865},
 publisher = {ACM},
 address = {New York, NY, USA},
 keywords = {back of the device interaction, hybrid input, large scale mobile displays, mobile},
}

@inproceedings{Low:2014:PDM:2582051.2582062,
 author = {Low, Suzanne and Sugiura, Yuta and Lo, Dixon and Inami, Masahiko},
 title = {Pressure Detection on Mobile Phone by Camera and Flash},
 booktitle = {Proceedings of the 5th Augmented Human International Conference},
 series = {AH '14},
 year = {2014},
 isbn = {978-1-4503-2761-9},
 location = {Kobe, Japan},
 pages = {11:1--11:4},
 articleno = {11},
 numpages = {4},
 url = {http://doi.acm.org/10.1145/2582051.2582062},
 doi = {10.1145/2582051.2582062},
 acmid = {2582062},
 publisher = {ACM},
 address = {New York, NY, USA},
 keywords = {camera, flash light, mobile phone, pressure sensing},
} 

@inproceedings{Goh:2014:ETE:2658779.2658780,
 author = {Goh, Taedong and Kim, Sang Woo},
 title = {Eyes-free Text Entry Interface Based on Contact Area for People with Visual Impairment},
 booktitle = {Proceedings of the Adjunct Publication of the 27th Annual ACM Symposium on User Interface Software and Technology},
 series = {UIST'14 Adjunct},
 year = {2014},
 isbn = {978-1-4503-3068-8},
 location = {Honolulu, Hawaii, USA},
 pages = {69--70},
 numpages = {2},
 url = {http://doi.acm.org/10.1145/2658779.2658780},
 doi = {10.1145/2658779.2658780},
 acmid = {2658780},
 publisher = {ACM},
 address = {New York, NY, USA},
 keywords = {pseudo-pressure detection, text-to-speech, touchscreen interface},
} 

@inproceedings{Hong:2013:TVC:2468356.2468589,
 author = {Hong, Jonggi and Lee, Geehyuk},
 title = {TouchShield: A Virtual Control for Stable Grip of a Smartphone Using the Thumb},
 booktitle = {CHI '13 Extended Abstracts on Human Factors in Computing Systems},
 series = {CHI EA '13},
 year = {2013},
 isbn = {978-1-4503-1952-2},
 location = {Paris, France},
 pages = {1305--1310},
 numpages = {6},
 url = {http://doi.acm.org/10.1145/2468356.2468589},
 doi = {10.1145/2468356.2468589},
 acmid = {2468589},
 publisher = {ACM},
 address = {New York, NY, USA},
 keywords = {function keys, safety, touch screen smartphone, touchshield},
} 

@inproceedings{Li:2013:BBC:2543651.2543680,
 author = {Li, Wing Ho Andy and Fu, Hongbo},
 title = {BezelCursor: Bezel-initiated Cursor for One-handed Target Acquisition on Mobile Touch Screens},
 booktitle = {SIGGRAPH Asia 2013 Symposium on Mobile Graphics and Interactive Applications},
 series = {SA '13},
 year = {2013},
 isbn = {978-1-4503-2633-9},
 location = {Hong Kong, Hong Kong},
 pages = {36:1--36:1},
 articleno = {36},
 numpages = {1},
 url = {http://doi.acm.org/10.1145/2543651.2543680},
 doi = {10.1145/2543651.2543680},
 acmid = {2543680},
 publisher = {ACM},
 address = {New York, NY, USA},
 keywords = {bezel, mobile devices, one-handed interaction, target acquisition, thumb interaction},
} 

@inproceedings{Miyaki:2009:GZS:1613858.1613872,
 author = {Miyaki, Takashi and Rekimoto, Jun},
 title = {GraspZoom: Zooming and Scrolling Control Model for Single-handed Mobile Interaction},
 booktitle = {Proceedings of the 11th International Conference on Human-Computer Interaction with Mobile Devices and Services},
 series = {MobileHCI '09},
 year = {2009},
 isbn = {978-1-60558-281-8},
 location = {Bonn, Germany},
 pages = {11:1--11:4},
 articleno = {11},
 numpages = {4},
 url = {http://doi.acm.org/10.1145/1613858.1613872},
 doi = {10.1145/1613858.1613872},
 acmid = {1613872},
 publisher = {ACM},
 address = {New York, NY, USA},
 keywords = {input devices, interaction techniques, mobile device, pressure sensing, single-handed},
}

@inproceedings{Stewart:2010:CPI:1753326.1753444,
 author = {Stewart, Craig and Rohs, Michael and Kratz, Sven and Essl, Georg},
 title = {Characteristics of Pressure-based Input for Mobile Devices},
 booktitle = {Proceedings of the SIGCHI Conference on Human Factors in Computing Systems},
 series = {CHI '10},
 year = {2010},
 isbn = {978-1-60558-929-9},
 location = {Atlanta, Georgia, USA},
 pages = {801--810},
 numpages = {10},
 url = {http://doi.acm.org/10.1145/1753326.1753444},
 doi = {10.1145/1753326.1753444},
 acmid = {1753444},
 publisher = {ACM},
 address = {New York, NY, USA},
 keywords = {haptic feedback, input device, interaction technique, mobile device, pressure input, pressure-based interaction, tactile feedback},
} 

@inproceedings{McCallum:2009:PPI:1520340.1520693,
 author = {McCallum, David C. and Mak, Edward and Irani, Pourang and Subramanian, Sriram},
 title = {PressureText: Pressure Input for Mobile Phone Text Entry},
 booktitle = {CHI '09 Extended Abstracts on Human Factors in Computing Systems},
 series = {CHI EA '09},
 year = {2009},
 isbn = {978-1-60558-247-4},
 location = {Boston, MA, USA},
 pages = {4519--4524},
 numpages = {6},
 url = {http://doi.acm.org/10.1145/1520340.1520693},
 doi = {10.1145/1520340.1520693},
 acmid = {1520693},
 publisher = {ACM},
 address = {New York, NY, USA},
 keywords = {mobile phone text-entry, multi-level button, pressure input},
} 

@inproceedings{Brewster:2009:PTE:1613858.1613870,
 author = {Brewster, Stephen A. and Hughes, Michael},
 title = {Pressure-based Text Entry for Mobile Devices},
 booktitle = {Proceedings of the 11th International Conference on Human-Computer Interaction with Mobile Devices and Services},
 series = {MobileHCI '09},
 year = {2009},
 isbn = {978-1-60558-281-8},
 location = {Bonn, Germany},
 pages = {9:1--9:4},
 articleno = {9},
 numpages = {4},
 url = {http://doi.acm.org/10.1145/1613858.1613870},
 doi = {10.1145/1613858.1613870},
 acmid = {1613870},
 publisher = {ACM},
 address = {New York, NY, USA},
 keywords = {keyboard, multimodal interaction, pressure input, text entry},
} 

@inproceedings{Han:2005:LMS:1095034.1095054,
 author = {Han, Jefferson Y.},
 title = {Low-cost Multi-touch Sensing Through Frustrated Total Internal Reflection},
 booktitle = {Proceedings of the 18th Annual ACM Symposium on User Interface Software and Technology},
 series = {UIST '05},
 year = {2005},
 isbn = {1-59593-271-2},
 location = {Seattle, WA, USA},
 pages = {115--118},
 numpages = {4},
 url = {http://doi.acm.org/10.1145/1095034.1095054},
 doi = {10.1145/1095034.1095054},
 acmid = {1095054},
 publisher = {ACM},
 address = {New York, NY, USA},
 keywords = {frustrated total internal reflection, multi-touch, tactile, touch},
} 


@article{Lee:1985:MTD:1165385.317461,
 author = {Lee, SK and Buxton, William and Smith, K. C.},
 title = {A Multi-touch Three Dimensional Touch-sensitive Tablet},
 journal = {SIGCHI Bull.},
 issue_date = {April 1985},
 volume = {16},
 number = {4},
 month = apr,
 year = {1985},
 issn = {0736-6906},
 pages = {21--25},
 numpages = {5},
 url = {http://doi.acm.org/10.1145/1165385.317461},
 doi = {10.1145/1165385.317461},
 acmid = {317461},
 publisher = {ACM},
 address = {New York, NY, USA},
} 

@inproceedings{Benko:2006:PST:1124772.1124963,
 author = {Benko, Hrvoje and Wilson, Andrew D. and Baudisch, Patrick},
 title = {Precise Selection Techniques for Multi-touch Screens},
 booktitle = {Proceedings of the SIGCHI Conference on Human Factors in Computing Systems},
 series = {CHI '06},
 year = {2006},
 isbn = {1-59593-372-7},
 location = {Montr\&\#233;al, Qu\&\#233;bec, Canada},
 pages = {1263--1272},
 numpages = {10},
 url = {http://doi.acm.org/10.1145/1124772.1124963},
 doi = {10.1145/1124772.1124963},
 acmid = {1124963},
 publisher = {ACM},
 address = {New York, NY, USA},
 keywords = {bi-manual, interaction techniques, precise target acquisition, tabletop displays, touch screens, two-finger},
} 

@inproceedings{Moscovich:2004:NDV:1029632.1029642,
 author = {Moscovich, Tomer and Hughes, John F.},
 title = {Navigating Documents with the Virtual Scroll Ring},
 booktitle = {Proceedings of the 17th Annual ACM Symposium on User Interface Software and Technology},
 series = {UIST '04},
 year = {2004},
 isbn = {1-58113-957-8},
 location = {Santa Fe, NM, USA},
 pages = {57--60},
 numpages = {4},
 url = {http://doi.acm.org/10.1145/1029632.1029642},
 doi = {10.1145/1029632.1029642},
 acmid = {1029642},
 publisher = {ACM},
 address = {New York, NY, USA},
 keywords = {interaction techniques, scrolling},
} 

@inproceedings{Rogers:2011:ARP:1978942.1979318,
 author = {Rogers, Simon and Williamson, John and Stewart, Craig and Murray-Smith, Roderick},
 title = {AnglePose: Robust, Precise Capacitive Touch Tracking via 3D Orientation Estimation},
 booktitle = {Proceedings of the SIGCHI Conference on Human Factors in Computing Systems},
 series = {CHI '11},
 year = {2011},
 isbn = {978-1-4503-0228-9},
 location = {Vancouver, BC, Canada},
 pages = {2575--2584},
 numpages = {10},
 url = {http://doi.acm.org/10.1145/1978942.1979318},
 doi = {10.1145/1978942.1979318},
 acmid = {1979318},
 publisher = {ACM},
 address = {New York, NY, USA},
 keywords = {capacitive, mobile, particle filter, probabilistic, touch},
} 


@inproceedings{Roudaut:2009:MET:1518701.1518843,
 author = {Roudaut, Anne and Lecolinet, Eric and Guiard, Yves},
 title = {MicroRolls: Expanding Touch-screen Input Vocabulary by Distinguishing Rolls vs. Slides of the Thumb},
 booktitle = {Proceedings of the SIGCHI Conference on Human Factors in Computing Systems},
 series = {CHI '09},
 year = {2009},
 isbn = {978-1-60558-246-7},
 location = {Boston, MA, USA},
 pages = {927--936},
 numpages = {10},
 url = {http://doi.acm.org/10.1145/1518701.1518843},
 doi = {10.1145/1518701.1518843},
 acmid = {1518843},
 publisher = {ACM},
 address = {New York, NY, USA},
 keywords = {gestures, interaction, microroll, mobile devices, one-handed, rolling/sliding gestures, rollmark, rolltap, selection techniques, thumb interaction, touch-screen},
} 

@inproceedings{Holz:2011:UT:1978942.1979308,
 author = {Holz, Christian and Baudisch, Patrick},
 title = {Understanding Touch},
 booktitle = {Proceedings of the SIGCHI Conference on Human Factors in Computing Systems},
 series = {CHI '11},
 year = {2011},
 isbn = {978-1-4503-0228-9},
 location = {Vancouver, BC, Canada},
 pages = {2501--2510},
 numpages = {10},
 url = {http://doi.acm.org/10.1145/1978942.1979308},
 doi = {10.1145/1978942.1979308},
 acmid = {1979308},
 publisher = {ACM},
 address = {New York, NY, USA},
 keywords = {experiment, generalized perceived input point model, targeting, touch input},
} 

@inproceedings{Wang:2009:DLF:1622176.1622182,
 author = {Wang, Feng and Cao, Xiang and Ren, Xiangshi and Irani, Pourang},
 title = {Detecting and Leveraging Finger Orientation for Interaction with Direct-touch Surfaces},
 booktitle = {Proceedings of the 22Nd Annual ACM Symposium on User Interface Software and Technology},
 series = {UIST '09},
 year = {2009},
 isbn = {978-1-60558-745-5},
 location = {Victoria, BC, Canada},
 pages = {23--32},
 numpages = {10},
 url = {http://doi.acm.org/10.1145/1622176.1622182},
 doi = {10.1145/1622176.1622182},
 acmid = {1622182},
 publisher = {ACM},
 address = {New York, NY, USA},
 keywords = {direct-touch surface, finger orientation, orientation aware interface},
} 

@inproceedings{Bonnet:2013:EVT:2532129.2532166,
 author = {Bonnet, David and Appert, Caroline and Beaudouin-Lafon, Michel},
 title = {Extending the Vocabulary of Touch Events with ThumbRock},
 booktitle = {Proceedings of Graphics Interface 2013},
 series = {GI '13},
 year = {2013},
 isbn = {978-1-4822-1680-6},
 location = {Regina, Sascatchewan, Canada},
 pages = {221--228},
 numpages = {8},
 url = {http://dl.acm.org/citation.cfm?id=2532129.2532166},
 acmid = {2532166},
 publisher = {Canadian Information Processing Society},
 address = {Toronto, Ont., Canada, Canada},
 keywords = {finger rolling, gesture vocabulary, incremental recognizer, mobile device, touch event, touchscreen},
} 

@inproceedings{Heo:2013:TCD:2508468.2514725,
 author = {Heo, Seongkook and Lee, Geehyuk},
 title = {Ta-Tap: Consecutive Distant Tap Operations for One-handed Touch Screen Use},
 booktitle = {Proceedings of the Adjunct Publication of the 26th Annual ACM Symposium on User Interface Software and Technology},
 series = {UIST '13 Adjunct},
 year = {2013},
 isbn = {978-1-4503-2406-9},
 location = {St. Andrews, Scotland, United Kingdom},
 pages = {91--92},
 numpages = {2},
 url = {http://doi.acm.org/10.1145/2508468.2514725},
 doi = {10.1145/2508468.2514725},
 acmid = {2514725},
 publisher = {ACM},
 address = {New York, NY, USA},
 keywords = {one-handed interaction, tap gesature, touch screen},
} 


@inproceedings{ClarksonGVU,
author = {Clarkson, E.C., Patel, S., Pierce, J., and Abowd},
title = {Exploring Continuous Pressure Input for Mobile Phones},
year = {2006},
series = {GVU Techreport. GIT-GVU-06-20},
}

@inproceedings{CaoShapeTouch,
author = {Cao, X., Wilson, A., Balakrishnan, R., Hinckley, K., and Hudson},
title = {ShapeTouch: Leveraging Contact Shape on Inter- active Surfaces},
year = {2008},
series = {Proc. TABLETOP, IEEE},
}

@inproceedings{Goel:2012:GUB:2380116.2380184,
 author = {Goel, Mayank and Wobbrock, Jacob and Patel, Shwetak},
 title = {GripSense: Using Built-in Sensors to Detect Hand Posture and Pressure on Commodity Mobile Phones},
 booktitle = {Proceedings of the 25th Annual ACM Symposium on User Interface Software and Technology},
 series = {UIST '12},
 year = {2012},
 isbn = {978-1-4503-1580-7},
 location = {Cambridge, Massachusetts, USA},
 pages = {545--554},
 numpages = {10},
 url = {http://doi.acm.org/10.1145/2380116.2380184},
 doi = {10.1145/2380116.2380184},
 acmid = {2380184},
 publisher = {ACM},
 address = {New York, NY, USA},
 keywords = {gyroscope, hand posture, inertial sensors, mobile, posture, situational impairments, touchscreen},
} 


@inproceedings{Heo:2011:FEI:2037373.2037393,
 author = {Heo, Seongkook and Lee, Geehyuk},
 title = {Forcetap: Extending the Input Vocabulary of Mobile Touch Screens by Adding Tap Gestures},
 booktitle = {Proceedings of the 13th International Conference on Human Computer Interaction with Mobile Devices and Services},
 series = {MobileHCI '11},
 year = {2011},
 isbn = {978-1-4503-0541-9},
 location = {Stockholm, Sweden},
 pages = {113--122},
 numpages = {10},
 url = {http://doi.acm.org/10.1145/2037373.2037393},
 doi = {10.1145/2037373.2037393},
 acmid = {2037393},
 publisher = {ACM},
 address = {New York, NY, USA},
 keywords = {built-in accelerometer, force sensing, mobile devices, pressure input, single-handed interaction, tap input, touch screen},
} 


@inproceedings{Hwang:2012:MPP:2212776.2223717,
 author = {Hwang, Sungjae and Bianchi, Andrea and Wohn, Kwangyun},
 title = {MicPen: Pressure-sensitive Pen Interaction Using Microphone with Standard Touchscreen},
 booktitle = {CHI '12 Extended Abstracts on Human Factors in Computing Systems},
 series = {CHI EA '12},
 year = {2012},
 isbn = {978-1-4503-1016-1},
 location = {Austin, Texas, USA},
 pages = {1847--1852},
 numpages = {6},
 url = {http://doi.acm.org/10.1145/2212776.2223717},
 doi = {10.1145/2212776.2223717},
 acmid = {2223717},
 publisher = {ACM},
 address = {New York, NY, USA},
 keywords = {haptics, pressure input, tangible user interface},
} 

@inproceedings{Hwang:2012:PEP:2212776.2223673,
 author = {Hwang, Sungjae and Wohn, Kwang-yun},
 title = {PseudoButton: Enabling Pressure-sensitive Interaction by Repurposing Microphone on Mobile Device},
 booktitle = {CHI '12 Extended Abstracts on Human Factors in Computing Systems},
 series = {CHI EA '12},
 year = {2012},
 isbn = {978-1-4503-1016-1},
 location = {Austin, Texas, USA},
 pages = {1565--1570},
 numpages = {6},
 url = {http://doi.acm.org/10.1145/2212776.2223673},
 doi = {10.1145/2212776.2223673},
 acmid = {2223673},
 publisher = {ACM},
 address = {New York, NY, USA},
 keywords = {acoustic sound, pressure sensitive input, pseudo interface, pseudo modality, sonic interaction},
} 












